<?xml version="1.0" encoding="UTF-8"?><record xmlns="http://www.loc.gov/MARC21/slim" xmlns:cinclude="http://apache.org/cocoon/include/1.0" xmlns:zs="http://www.loc.gov/zing/srw/">
  <leader>00554nz  a2200145n  4500</leader>
  <controlfield tag="001">no 94021103 </controlfield>
  <controlfield tag="003">DLC</controlfield>
  <controlfield tag="005">19940623062006.7</controlfield>
  <controlfield tag="008">940621n| acannaab|          |a aaa     c</controlfield>
  <datafield tag="010" ind1=" " ind2=" ">
    <subfield code="a">no 94021103 </subfield>
  </datafield>
  <datafield tag="040" ind1=" " ind2=" ">
    <subfield code="a">DJBF</subfield>
    <subfield code="c">DJBF</subfield>
  </datafield>
  <datafield tag="100" ind1="1" ind2="0">
    <subfield code="a">Zat︠s︡epilina, L. I.</subfield>
    <subfield code="q">(Larisa Ivanovna)</subfield>
  </datafield>
  <datafield tag="400" ind1="1" ind2="0">
    <subfield code="a">Zat︠s︡epilina, Larisa Ivanovna</subfield>
  </datafield>
  <datafield tag="670" ind1=" " ind2=" ">
    <subfield code="a">Ėkonomicheskie svi︠a︡zi Sovetskogo Soi︠u︡za ... 1975:</subfield>
    <subfield code="b">t.p. (L. I. Zat︠s︡epilina) p. 96 (Zat︠s︡epilina, Larisa Ivanovna)</subfield>
  </datafield>
  <datafield tag="670" ind1=" " ind2=" ">
    <subfield code="a">OCLC database, 6/21/94</subfield>
    <subfield code="b">(hdg.: Zat︠s︡epilina, Larisa Ivanovna)</subfield>
  </datafield>
</record>